3728 4844
327 514 374 527 ..
673 510 1105 560 ,,--,
1241 514 1451 549 ,Ἀ

570 683 1229 933 PRAEFATIO.

697 1085 1118 1113 w

177 1258 327 1468 Cum
348 1324 489 1429 priscus
509 1326 582 1405 iarn
596 1324 854 1429 Hippocrates
877 1335 996 1401 artem
1018 1321 1085 1399 lon
1183 1376 1195 1419 ,
1228 1318 1345 1398 vitam
1365 1342 1462 1396 vero
1482 1316 1640 1396 breuem

288 1424 372 1525 elle,
400 1426 638 1527 queribunda
652 1451 749 1504 voce
764 1440 930 1522 moneat,
955 1448 1041 1502 cum
1057 1427 1095 1500 in
1111 1446 1207 1526 uper
1220 1424 1461 1525 prooemium
1476 1421 1541 1497 lon
1575 1444 1639 1496 um
1713 1442 1716 1447 ·

175 1536 213 1602 et
228 1527 301 1606 alte
316 1531 498 1631 petitum,
525 1529 739 1633 praesertim
753 1527 780 1602 sr
796 1525 931 1630 pusillo
955 1530 1064 1629 operi
1077 1524 1328 1628 praefigatur,
1354 1520 1514 1601 leslorea
1547 1523 1639 1599 acile

175 1622 322 1700 fastidio
343 1626 496 1703 afficiat:
531 1630 738 1729 gauderem
767 1627 964 1723 equidem,
997 1626 1025 1701 fi
1046 1626 1176 1700 fusiori
1197 1624 1430 1725 praefatione
1453 1622 1638 1725 opusculo

173 1716 264 1801 huic
277 1726 532 1826 praetexenda
547 1725 785 1825 supersedere
798 1724 951 1823 possem.
1002 1725 1148 1799 Verum
1162 1727 1263 1798 enirn
1277 1749 1372 1798 vero
1396 1748 1502 1821 cum,
1527 1722 1638 1821 quod

173 1820 236 1898 hic
239 1823 558 2002 1pertraslandurn
571 1824 664 1901 mihi
677 1824 784 1901 sumfi
799 1834 1084 1928 argumentum,
1112 1821 1266 1924 ipseque
1285 1822 1370 1899 libri
1390 1823 1521 1899 titulus
1542 1826 1636 1899 inui-

254 1950 276 2001 u

173 1921 238 2001 dio
280 1950 319 2002 ru
334 1926 429 2024 quid
442 1940 482 2005 et
496 1928 605 2004 altius
621 1926 761 2029 spirans
783 1927 923 2003 habere
943 1922 1162 2002 videantur:
1198 1949 1286 2017 nae,
1315 1950 1340 2001 o
1370 1946 1432 2020 us,
1460 1924 1635 2029 suspicor,

171 2026 277 2125 mihi,
301 2029 533 2131 reipublicae
553 2028 749 2107 botanicae
772 2029 1002 2105 incelebrato
1024 2030 1117 2124 ciui,
1151 2030 1240 2124 erit,
1271 2040 1316 2105 vt
1330 1952 1555 2124 dommum,
1588 2025 1636 2103 ad
1667 2064 1677 2079 «
1719 2114 1723 2121 ,
1775 2090 1778 2095 .

170 2127 278 2225 quod
295 2128 504 2231 trepidulus
520 2129 679 2229 accedo,
708 2156 769 2208 me
783 2133 1008 2207 annunciem
1024 2142 1063 2207 et
1085 2128 1134 2207 de
1149 2128 1318 2207 instituto
1340 2153 1428 2205 meo
1450 2127 1556 2206 hasce
1571 2152 1635 2230 pu·
1766 2132 1769 2139 ’

171 2230 288 2333 gellas
312 2230 500 2309 beneuole
523 2232 673 2308 lecturis
696 2237 881 2310 rationem
905 2231 1069 2309 reddam.
1139 2235 1246 2335 Age,
1279 2231 1634 2331 breunoquentiam

169 2328 301 2428 quoad
327 2334 406 2408 cius
432 2356 492 2410 res
513 2331 617 2433 sinit,
643 2337 683 2411 in
704 2335 762 2413 bis
784 2332 1022 2441 exponendis
1047 2333 1231 2412 colamus!

283 2502 406 2607 Igitur
435 2506 606 2605 quinque
635 2509 707 2583 iam
736 2506 856 2586 ferme
885 2490 995 2597 lustra
1024 2504 1144 2609 elapsi
1173 2504 1276 2602 sunt,
1317 2528 1365 2582 ex
1393 2527 1472 2604 quo
1501 2499 1634 2607 stirpes

168 2600 556 2709 Mecklenburgenses
581 2605 803 2713 inuestigare
823 2622 937 2710 atque
960 2609 1141 2713 colligere
1168 2609 1311 2709 incepi,
1351 2606 1398 2683 ab
1427 2606 1479 2681 lll.
1501 2605 1630 2683 Mvu·

171 2718 279 2799 tar,
321 2706 515 2809 Georgiae
538 2708 731 2813 Augustae
751 2711 909 2808 decore,
951 2723 995 2787 vt
1016 2714 1122 2788 omni
1145 2734 1262 2889 opera
1283 2711 1322 2785 in
1345 2707 1384 2785 id
1410 2710 1556 2811 negotii
1576 2710 1631 2785 in·

167 2805 406 2903 rumbercin,
433 2834 504 2908 per
519 2811 658 2889 litteras
675 2812 946 2890 humanillimas
960 2816 1113 2891 excitus.
1197 2816 1311 2888 rimus
1334 2815 1383 2887 ita
1410 2808 1516 2899 (ablit
1536 2811 1630 2885 inui-

168 2903 245 3000 dia)
271 2906 390 2983 saslus
405 2908 502 3007 sum,
529 2914 595 3012 qui
640 2914 757 2993 lantas
773 2917 902 2991 hocin
922 2916 1071 3014 Ducatu
1088 2915 1223 3018 sponte
1245 2913 1435 2991 nascentes
1449 2908 1568 2988 modo
1582 2909 1632 2989 ed

167 3008 271 3113 leges
290 3010 462 3089 methodi
479 3012 592 3091 adstri
631 3041 656 3093 o
678 3017 879 3122 congefflt3
911 3007 1061 3096 Floram
1084 3020 1262 3097 nimirum
1280 3015 1536 3094 Mecklenbur
1565 3038 1627 3091 en-

166 3104 240 3193 sem
267 3115 571 3193 concinnaturus.
629 3122 682 3197 nt
700 3124 921 3219 enimcum,
948 3119 1071 3199 nescio
1086 3146 1134 3199 an
1158 3124 1314 3199 nimium
1336 3120 1459 3196 lentus
1482 3116 1519 3193 fe
1552 3122 1626 3193 ina·

166 3238 259 3313 rem,
287 3238 334 3289 an
350 3213 398 3292 de
414 3216 483 3292 bac
501 3232 684 3316 quantum
703 3225 781 3321 eius
798 3222 880 3301 fieri
895 3222 1018 3327 possit,
1046 3224 1237 3302 lautissime
1255 3220 1419 3313 dotanda
1435 3221 1543 3297 nimis
1558 3218 1625 3294 sol·

164 3313 286 3392 licitus
303 3314 426 3415 essem,
443 3316 519 3397 line
535 3321 609 3397 vlla
625 3347 742 3424 opera
756 3350 838 3401 mea
851 3351 891 3402 ac
909 3325 1102 3426 impendio
1117 3326 1176 3402 illa
1193 3337 1345 3503 compta
1361 3324 1441 3399 satis
1456 3348 1498 3399 ac
1513 3318 1627 3397 ditata
1743 3336 1747 3345 '

22 3514 27 3521 Ι
163 3438 289 3519 nuper
308 3422 347 3493 in
369 3420 562 3522 publicum
583 3423 734 3527 prodiit.
811 3429 872 3503 Ab
897 3452 998 3504 anno
1019 3426 1107 3504 inde
1128 3426 1281 3506 MDCC
1316 3426 1473 3501 XXVlll
1502 3424 1569 3500 fun
1602 3426 1625 3518 '‚

163 3542 262 3613 quos
287 3527 554 3621 praecaeteris
579 3530 690 3629 regni
710 3530 930 3630 vegetabilis
953 3532 1098 3607 ciuibus
1127 3528 1281 3608 infausta
1304 3530 1463 3631 caligine
1484 3548 1624 3604 meros
1738 3532 1744 3539 '⁴
1804 3602 1808 3611 .

163 3618 470 3738 indignabundus
484 3632 673 3731 comperi,
700 3654 761 3705 me
776 3642 856 3708 tota
871 3647 999 3710 mente
1014 3637 1180 3733 totisque
1203 3633 1345 3710 viribus
1370 3642 1621 3709 attraxerunt:

162 3740 325 3817 primum
349 3726 503 3823 quidem
523 3754 571 3806 eo
594 3730 767 3829 consilio,
801 3747 861 3830 vt,
896 3736 1034 3834 quibus
1062 3758 1123 3813 me
1152 3732 1412 3813 circumfusum
1434 3731 1623 3829 videbam,

161 3823 325 3901 tenebris
340 3826 517 3929 discussis,
542 3856 613 3934 per
625 3831 733 3909 saltus
749 3833 946 3914 senticosus
967 3838 1230 3939 scabrososque
1247 3842 1346 3916 viam
1368 3836 1460 3913 mihi
1481 3832 1619 3939 pande·

161 3940 261 4016 rem3
286 3925 440 4007 subinde
455 3956 549 4009 vero
567 3932 659 4013 facie
673 3938 885 4015 mirandum
907 3941 945 4015 in
962 3940 1120 4019 modum
1136 3944 1254 4039 varia,
1281 3944 1332 4017 ita
1344 3951 1387 4014 vt
1408 3938 1541 4015 eximia
1556 3960 1617 4011 ve

159 4022 304 4143 nullate
325 4023 493 4129 stirpium
517 4037 672 4111 nimium
694 4052 877 4135 quantum
898 4045 1020 4147 vulgo
1051 4041 1312 4147 negleslorum
1333 4043 1623 4143 spretarumque

157 4134 341 4243 attonitus
361 4152 402 4205 ac
424 4146 564 4232 captus.
616 4136 880 4223 Quamobrem
903 4170 973 4247 per
989 4170 1110 4223 annos
1131 4150 1202 4222 iam
1220 4143 1419 4221 duodecim
1437 4145 1621 4243 integros,

119 4328 124 4339 ⁵
151 4221 279 4307 ¹sludm
293 4234 477 4333 temporis
501 4232 662 4314 successu
678 4236 945 4322 efferuescente
966 4250 1106 4353 magis,
1141 4270 1255 4347 quarn
1275 4244 1556 4422 deuigescgpte,
1584 4254 1624 4315 ct

918 4370 938 4423 a
967 4372 987 4447 3
1474 4348 1623 4422 ‘uturna
