3728 4844
241 236 292 314 ιιι
346 230 351 235 ·
875 216 1130 315 ψ

152 410 155 415 ’
247 425 416 528 jusdam,
457 418 504 499 ad
535 414 793 518 Cirnserarum
819 415 1053 533 'subordinem
1089 420 1327 531 pertinentis,
1367 422 1428 501 sed
1458 435 1528 506 aut
1548 428 1783 529 tempestate,

250 597 316 664 aut
338 581 420 660 casu
446 579 517 654 alio
552 575 837 661 interveniente,
882 589 1073 674 corruptae
1105 600 1149 663 ac
1179 576 1420 656 deformatae.
1480 581 1545 660 Ast
1570 609 1660 661 vero
1689 544 1817 663 οιιιιιιι

248 706 301 818 de
322 741 371 816 H.
399 734 573 813 bilabiato
608 731 683 807 huc
711 751 829 829 usque
856 753 929 805 uon
961 726 1027 823 nili
1050 732 1217 829 pauculis
1241 735 1435 833 exemplis,
1471 718 1782 837 eundem-rainu.

248 899 327 976 lurn
355 888 619 971 incolentibus,
645 884 881 985 srmpotitus,
912 907 1069 983 cumque
1093 887 1238 987 insuper
1262 889 1373 983 illud,
1400 890 1502 997 sicuti
1526 894 1607 970 loco
1627 874 1777 975 exeun

248 1065 289 1132 to
313 1048 544 1135 monuimus,
570 1053 723 1119 naturae
747 1041 945 1157 admodum
974 1052 1121 1132 tenerae
1145 1042 1340 1141 fluxaeque
1365 1044 1428 1131 slt;
1462 1047 1623 1126 intanto
1647 1052 1779 1129 dixti.

249 1208 351 1304 ruine
384 1203 471 1281 huic
507 1176 666 1302 suugillo
707 1219 814 1295 porro
849 1195 981 1290 fidere,-
1030 1208 1156 1310 tutum
1191 1197 1447 1293 consultumye
1490 1204 1641 1295 minime
1678 1176 1779 1283 seor.

250 1365 345 1447 Cum
376 1380 463 1436 vero
494 1355 697 1458 fungorum
731 1351 822 1427 rima
860 1350 1097 1469 transuersali
1112 1312 1358 1453 x'conchaeque
1392 1354 1528 1460 ligura,
1544 1328 1776 1464 notabilium,

251 1518 327 1594 huc
349 1532 580 1612 usquerero
603 1529 790 1591 erronum,
822 1505 883 1581 seu
911 1506 1185 1604 acephalorum,
1212 1507 1349 1607 species
1372 1513 1554 1607 quaedam
1580 1513 1777 1607 inveniun-

250 1645 329 1757 tur,
362 1665 547 1745 durabiles
564 1661 666 1749 satis,
699 1684 743 1737 ac
762 1662 955 1767 vulgares,
990 1684 1063 1759 quo
1090 1662 1213 1761 omnis
1236 1664 1352 1763 palpi,
1382 1665 1499 1741 oculis
1523 1665 1617 1755 sorta
1636 1669 1799 1761 iterum·

147 1796 150 1801 .
250 1821 486 1907 obtrudendi,
512 1815 669 1919 formido
685 1815 886 1910 longissime
904 1829 1129 1890 removetur:
1156 1813 1373 1913 hujusmodi
1394 1821 1568 1897 dionaeos
1591 1820 1776 1926 sungulos

250 1984 315 2061 sub
339 2000 457 2058 unuin
488 1994 628 2077 genus,
660 1969 720 2046 cui
745 1968 907 2077 Hysterii
938 1991 1090 2089 pumen,
1123 1970 1319 2055 immutato
1349 1973 1433 2073 ejus
1459 1944 1685 2073 moneare,
1710 1979 1779 2058 de.

250 2161 324 2216 nuo
348 2132 483 2245 posui,¹
504 2148 734 2230 congregare
758 2122 850 2200 mihi
871 2108 995 2211 libuit',
1029 2145 1185 2222 quorum
1208 2125 1287 2224 jam
1313 2127 1553 2229 species'tres
1568 2135 1776 2249 -Fasciculo

215 2302 218 2312 “
249 2296 321 2373 hoc
345 2284 506 2375 secundo
527 2244 725 2381 descriptae
752 2279 988 2359 inveniuntur
1011 2289 1124 2378 atque
1147 2281 1321 2378 depislae.
1347 2330 1352 2339 -
1383 2306 1386 2311 ·

350 2557 485 2658 AdJeci
509 2554 654 2655 insuper
672 2498 855 2659 novorum
881 2571 1059 2645 generum
1085 2502 1257 2651 triadem,
1291 2524 1333 2628 ut
1357 2526 1531 2657 pleraque
1562 2581 1583 2657 a
1606 2492 1666 2637 me
1687 2500 1778 2643 han

162 2706 166 2715 ’
250 2734 361 2799 tenus
382 2714 668 2811 evulgatorun„
682 2704 972 2803 microscopicae,
999 2703 1023 2780 ιι
1049 2705 1099 2781 ita
1122 2707 1223 2807 loqui
1246 2704 1301 2807 fas
1318 2708 1400 2819 est,
1421 2666 1636 2801 sodalitatis,
1663 2676 1775 2815 duae,

136 2878 142 2889 ‘
248 2826 355 2967 licet,
392 2893 459 2971 pro
486 2890 526 2945 re
552 2876 672 2950 nata,
698 2859 956 2955 delinitione
945 2881 983 2934 m
1014 2859 1164 2963 sanguise
1196 2812 1311 2963 aeque
1338 2834 1493 2995 persesla
1520 2868 1557 2946 ιι
1587 2816 1776 2985 completa

248 3027 478 3153 praemunire
503 3045 578 3097 non
603 3017 801 3141 potuerim,
837 3012 908 3129 hoc
934 3039 1008 3129 non
1039 3015 1218 3121 obstante,
1250 3019 1377 3098 Viris
1367 3024 1558 3153 ingenuis,
1593 3028 1689 3155 reita
1712 3029 1773 3107 via

196 3278 209 3311 Ι
247 3210 326 3263 rem
357 3182 478 3260 secum
517 3169 790 3273 reputantibus,
835 3194 905 3247 nec
934 3169 997 3246 nisi
1025 3194 1143 3270 aequa
1170 3134 1457 3271 pullulantibus,
1494 3176 1596 3281 haud
1626 3138 1773 3313 ingrata

247 3341 325 3417 sore
353 3337 490 3437 spero(
515 3327 577 3410 Ad
596 3325 829 3406 nauseatores
855 3339 998 3421 autem,
1033 3324 1056 3400 li
1082 3326 1270 3424 quisunt,
1299 3332 1693 3435 etomnivolosquod
1719 3351 1775 3429 at

239 3495 359 3589 tinet,
383 3490 495 3567 hosce
513 3506 652 3565 omnes
676 3507 720 3560 ac
744 3481 920 3579 singulos,
949 3481 1126 3579 imprimis
1151 3505 1237 3559 vero
1258 3483 1283 3558 ιι
1305 3483 1427 3565 forsan
1439 3509 1544 3567 nova
1564 3489 1775 3611 Sps-emata
1855 3486 1859 3493 ’

246 3649 465 3743 moliuntur,
495 3643 592 3723 data
620 3637 691 3716 hac
716 3634 901 3713 occasione
930 3633 1040 3709 etiam
1075 3650 1197 3761 atque
1218 3639 1324 3715 etiam
1341 3662 1459 3737 rogo,
1496 3668 1551 3723 ne
1546 3647 1774 3765 generibus

248 3806 341 3887 meis
367 3799 474 3878 noris
502 3796 615 3874 ullam
642 3794 705 3872 srbi
731 3760 929 3869 molestiam
961 3793 1072 3868 creari
1097 3756 1351 3897 circulosque
1351 3792 1434 3885 suos
1460 3800 1600 3883 turbari
1632 3800 1772 3922 sinant,

248 3964 338 4065 quin
365 3956 476 4051 tacito
498 3952 595 4055 pede
613 3952 704 4051 haec
722 3946 871 4026 omnino
897 3944 998 4029 trans
992 3960 1078 4024 eant
1092 3944 1459 4056 persuaslsrnrurnque
1471 3950 1660 4047 habeant,
1687 3955 1774 4036 fun.

247 4119 375 4220 gilius
379 4136 501 4202 naeus,
507 4099 841 4217 otsystematal
837 4124 900 4193 ua,
931 4102 1026 4181 viam
1050 4112 1150 4223 certo
1174 4098 1279 4179 esse
1268 4119 1559 4227 inventurus„-

1592 4226 1772 4397 Espme
