3728 4844
244 362 299 441 VI
829 358 1118 471 Quo

246 550 424 626 diuturna
466 548 719 652 ropemodum
733 550 1180 654 opera,'re'gionishuius
1196 548 1339 655 fungos
1358 555 1578 654 conquifiui,
1607 581 1707 637 com·

245 656 394 830 paraui,
449 652 604 755 ascripsi,
630 652 795 754 depinxi.
848 652 907 729 Ex
922 651 1135 829 amplissima
1156 662 1482 759 eorumlcongerie
1503 657 1614 735 hosce
1629 673 1707 735 tan·

274 779 332 832 em
347 756 544 858 segregare
566 753 876 853 fascicuiatimque
898 755 976 856 pub
993 758 1039 851 ici
1063 758 1152 849 iuris
1174 754 1315 857 faeere,
1350 761 1416 856 qui
1441 770 1505 833 aut
1528 758 1575 834 ad
1596 761 1709 862 plane

245 860 485 959 incognitos,
513 869 576 931 aut
589 856 715 949 saltem
730 855 777 934 ad
791 854 965 947 nondum
978 858 1048 938 rite
1070 856 1275 963 descriptos
1288 857 1487 965 pistosque
1500 865 1708 964 pertinent,

244 984 386 1062 operae
407 960 573 1061 pretium
598 957 696 1039 duxi

347 1130 500 1204 Initium
523 1133 595 1205 iam
617 1129 662 1205 ab
685 1132 726 1206 iis
750 1124 868 1229 facio,
903 1135 969 1233 qui
992 1158 1078 1213 cum
1103 1158 1243 1240 genera
1264 1133 1463 1233 hucusque
1484 1145 1576 1211 nota
1597 1133 1710 1235 plane

246 1229 421 1332 respuere
443 1229 665 1327 videantur,
694 1258 905 1333 nouorum,
941 1237 1005 1314 sub
1029 1234 1393 1336 quibus'commod'e
1413 1236 1591 1331 militent,
1619 1259 1708 1319 con·

248 1331 462 1417 alendorum
483 1357 614 1409 euram
633 1333 726 1409 mihi
748 1337 1015 1437 imposuerunt
1076 1338 1226 1433 Quodsi
1240 1338 1331 1437 sant,
1365 1339 1503 1436 quibus
1527 1340 1566 1413 in
1580 1361 1708 1413 crean-

247 1434 304 1517 dis
328 1434 514 1511 eiusmodi
541 1438 652 1511 nouis
681 1438 884 1538 generibus
914 1438 1015 1517 sorte
1043 1444 1151 1517 nimis
1182 1442 1309 1543 largus
1336 1440 1465 1517 videar
1517 1438 1611 1534 bos,
1642 1435 1709 1512 fibi

246 1534 512 1641 persuadeant,
539 1539 649 1615 enixe
677 1563 797 1641 rogo,
832 1566 913 1639 me,
948 1540 1150 1620 finomina
1171 1568 1273 1619 noua
1295 1565 1337 1617 ac
1366 1497 1532 1617 inaudita
1554 1561 1709 1638 crepare

173 1696 176 1703 -
219 1639 340 1722 mihi
358 1635 535 1735 libuisset,
575 1660 774 1719 nnnrerum
798 1667 931 1719 eorum
958 1642 1055 1720 sacili
1076 1648 1236 1748 negotid
1251 1642 1456 1725 admodum
1480 1664 1619 1743 augere
1670 1663 1710 1714 o·

247 1737 363 1819 tuisse.
433 1737 509 1815 Sed
531 1752 663 1815 contra
686 1766 730 1817 ea
753 1741 801 1818 de
822 1742 1000 1827 industria
1025 1746 1142 1819 multa
1171 1746 1247 1819 hnc
1270 1742 1443 1821 facientia
1467 1740 1506 1818 su
1537 1765 1606 1841 pre
1634 1766 1647 1814 1
1671 1749 1712 1817 et

246 1838 462 1941 complures
486 1838 629 1941 fungos
653 1838 835 1915 strustura
857 1852 896 1916 et
909 1852 1064 1925 ,textura
1095 1865 1278 1943 perquam
1307 1766 1569 1921 memorabsea
1598 1842 1710 1921 etiam

246 1954 352 2031 nunc
368 1943 569 2041 despuisse
582 1943 622 2015 in
643 1937 854 2017 aduersariis
878 1940 1094 2040 scriniisque
1114 1944 1206 2020 meis
1229 1940 1383 2041 reliqui,
1416 1967 1466 2018 ne
1487 1940 1621 2023 scillcet
1643 1967 1709 2026 ene

247 2047 342 2129 tium
366 2052 516 2145 praeter
546 2040 796 2119 necessitatem
825 2042 1197 2143 multiplicandorum
1216 2042 1376 2145 cupidus
1398 2041 1557 2121 viderer.
1635 2040 1708 2123 Ex·

248 2147 425 2249 pleautur
446 2144 629 2247 gloriolae
649 2140 750 2219 illius
771 2146 1025 2223 nominatiuae
1048 2146 1208 2247 gaudi0,
1253 2147 1320 2245 qui
1348 2144 1446 2221 hanc
1469 2143 1709 2243 allestantur5

248 2250 453 2350 aucupium
475 2248 554 2325 eius
575 2269 711 2347 parum
732 2244 816 2321 sane
830 2245 1011 2420 pellicere
1032 2246 1156 2349 potest
1178 2248 1371 2323 hominem
1396 2250 1435 2323 in
1456 2249 1583 2322 aetatis
1603 2271 1711 2329 meae

142 2378 145 2383 ·
248 2349 368 2455 gradu
390 2348 538 2426 decliuo
556 2359 593 2423 et
614 2347 787 2439 vanitatis
804 2346 828 2420 il
844 2349 921 2447 ius,
955 2350 1016 2423 cui
1038 2349 1341 2427 nomenclaturae
1371 2346 1632 2445 formulaeque
1653 2348 1713 2443 lo·,

248 2450 411 2565 fluendi,
438 2464 481 2535 vt
504 2460 648 2537 caetera
662 2448 844 2555 humana,
869 2447 1051 2527 fitbiettae
1066 2452 1168 2549 lint,
1196 2447 1325 2527 testem
1339 2452 1412 2525 iam
1427 2460 1657 2529 veteranum.

351 2621 587 2723 Magnorum
602 2616 843 2719 quorundam
865 2618 1079 2701 Nominum
1101 2616 1333 2723 hypotheses
1355 2643 1497 2719 nouas,
1530 2619 1593 2696 vei
1616 2640 1707 2696 nou.¹

250 2728 441 2822 antiquas,
466 2721 516 2797 de
531 2720 742 2824 fungorum
763 2746 853 2799 vera
866 2726 1113 2824 generatione
1126 2736 1165 2800 et
1181 2736 1331 2817 natura,
1358 2734 1401 2797 vt
1418 2722 1568 2800 deloco
1586 2722 1624 2797 in
1640 2722 1707 2822 Sy·

250 2826 401 2905 stemate
415 2835 569 2901 naturae
585 2828 654 2900 rite
669 2822 738 2899 illis
754 2822 984 2926 affignando,
1008 2824 1176 2927 nuspiam
1192 2848 1266 2900 neu
1284 2822 1585 2917 corroboratum,
1612 2845 1711 2899 neus

251 2928 456 3013 refutatum
469 2927 540 3023 iui,
567 2927 669 3033 pacis
684 2923 819 3009 scilicet
831 2952 912 3005 non
927 2930 1051 3005 minus
1060 2984 1073 3025 ,
1100 2950 1214 3027 quam
1233 2924 1425 3003 breuitatis
1440 2922 1632 3001 studiosus.

351 3100 684 3201 synonymorum,
710 3107 754 3173 vt
775 3098 910 3197 optimi
924 3098 1127 3174 Botanieae
1143 3092 1326 3171 solidioris
1346 3090 1528 3195 praesidii,
1556 3113 1712 3179 omnem

250 3226 378 3285 curam
392 3200 526 3297 habui,
552 3197 767 3299 quodvero
786 3202 903 3277 rarius
925 3198 1068 3302 fungos
1091 3197 1153 3272 hic
1178 3194 1381 3297 descriptos
1403 3192 1558 3293 stipent,
1595 3220 1709 3276 nemo

250 3304 357 3385 facile
372 3302 584 3399 mirabitur,
612 3302 679 3409 qui
699 3300 772 3379 hos
792 3302 954 3383 marina
976 3326 1022 3381 ex
1041 3312 1150 3411 parte
1175 3296 1222 3373 aci
1243 3294 1439 3377 rarissimos
1456 3296 1711 3403 minimasque

132 3510 135 3517 Ι
248 3406 441 3509 pertinere
470 3404 706 3507 cognouerit.

325 3636 328 3641 .
352 3576 487 3653 leones
504 3598 637 3653 eorum
651 3573 876 3677 plerumque
898 3572 1104 3650 admodum
1124 3573 1313 3674 ampliatas
1334 3570 1627 3673 repraesentasti,
1653 3584 1713 3646 ra-'

249 3676 418 3755 tionibus
435 3676 653 3780 grauissimis
669 3701 690 3752 a
704 3674 1167 3779 Cryptogamistographo
1182 3673 1330 3750 laudem
1343 3697 1465 3749 meam
1488 3670 1707 3771 excedente,
1748 3716 1751 3724 ‚

249 3780 494 3861 celeberrimo
520 3778 759 3877 Humum,
786 3778 901 3853 allatis
922 3780 1079 3875 eiusque
1099 3776 1502 3877 exemplo-permotus.

354 3950 509 4027 Genera
529 3973 611 4027 mea
633 3946 837 4029 secundum
857 3945 1082 4025 methodum
1105 3971 1126 4021 e
1147 3944 1288 4024 diuersa
1309 3942 1489 4020 seminum
1511 3940 1596 4020 sede
1616 3942 1715 4022 deri·-

251 4052 674 4169 vatamcoagmentaui3
701 4050 813 4126 alium
829 4050 1094 4135 autemlocum
1116 4044 1528 4123 SCLEROTIVM
1560 4049 1600 4122 in
1633 4044 1709 4121 SY-

251 4155 343 4233 ΝΟ
354 4155 438 4231 PSI
456 4152 698 4251 subsequente
715 4165 888 4254 occupat,
917 4150 1028 4225 alium
1043 4150 1082 4225 in
1096 4149 1206 4243 libro,
1230 4144 1277 4221 ad
1293 4144 1460 4231 habitum
1505 4150 1626 4225 eneris
1642 4144 1711 4223 hu·

251 4258 310 4335 ius
325 4270 363 4335 et
378 4256 423 4333 ad
437 4254 650 4333 obscuriora
666 4252 851 4354 quaedam
864 4256 904 4331 in
919 4276 967 4331 eo
982 4251 1096 4329 obuia
1117 4246 1326 4355 strespicis,
1355 4247 1432 4325 fort
1484 4272 1504 4325 e
1519 4250 1713 4351 aptiorem.

1640 4366 1713 4444 Sed
