3728 4844
148 800 152 807 -
249 742 324 823 Sed
350 754 395 823 vt
421 766 502 821 non
526 740 654 818 omnia
674 736 889 843 possumus,
923 732 972 819 fic
993 764 1074 818 non
1098 741 1224 819 omnia
1253 734 1424 829 videmus
1454 760 1606 815 omnes:

148 846 307 949 quaresr
327 846 439 947 mihi,
474 848 513 921 in
535 847 873 933 naturaeminimis
927 848 1110 943 artimque
1141 846 1258 921 aciem
1280 842 1480 919 oculorum
1505 838 1607 916 haud

144 949 505 1027 hebetemomnino
527 944 795 1048 effugientibus
816 972 865 1025 ve
899 951 994 1044 anti,
1028 944 1183 1023 subinde
1204 941 1397 1039 acciderit,
1430 954 1473 1017 vt
1495 968 1606 1038 quae·

144 1048 230 1126 dam
252 1046 450 1128 obseruata
474 1048 609 1150 digna,
648 1047 980 1153 guin-necessaria,
1015 1074 1096 1147 non
1118 1047 1298 1143 viderim,
1340 1069 1454 1120 nemo
1486 1043 1606 1138 sanus,

142 1152 272 1255 spero,
300 1153 375 1229 hoc
392 1152 483 1226 mihi
497 1154 591 1225 vitio
611 1164 753 1247 vertet,
782 1150 994 1252 praesertim
1011 1176 1115 1247 cum,
1142 1150 1208 1226 vbi
1224 1150 1412 1225 coecutire
1427 1172 1487 1220 ure
1503 1144 1606 1241 sensr,

53 1296 68 1305 -
143 1252 262 1353 quid?
289 1250 395 1350 quod
417 1252 456 1327 id
470 1250 586 1328 modo
602 1251 667 1327 sus
684 1254 800 1329 icatus
821 1253 918 1349 sum,
943 1251 1147 1330 lestoribus
1169 1253 1281 1329 animi
1301 1251 1376 1326 mei
1396 1246 1606 1331 flustuatio

143 1379 232 1431 nem
250 1356 417 1457 ingenue
432 1351 498 1430 sun
512 1350 626 1431 conse
656 1378 708 1430 us.
760 1357 813 1431 At
837 1368 1010 1454 poteram
1032 1353 1216 1456 quaedam
1239 1374 1439 1455 perperam
1462 1346 1605 1445 videre,

144 1455 307 1553 nubem,
333 1466 376 1532 vt
392 1458 514 1553 aiunt,
542 1480 616 1558 pro
630 1456 779 1534 Iunone
794 1458 1015 1558 amplexus?
1069 1456 1243 1535 Omnino
1265 1466 1458 1557 poteram3
1485 1451 1606 1525 homo

20 1654 23 1659 ο
142 1559 243 1635 enim
259 1556 357 1656 sum,
378 1555 549 1641 sensuum
566 1556 884 1643 ludificationibus
901 1583 981 1635 non
1005 1561 1149 1654 minus,
1176 1582 1289 1658 quam
1310 1555 1473 1631 summus
1495 1553 1549 1627 La
1562 1575 1607 1627 u·

143 1680 321 1755 natvs,
348 1683 389 1734 ar
418 1658 596 1736 utiffimus
617 1659 895 1755 Humum,
924 1660 1187 1743 oculatiffimus
1211 1660 1460 1750 Mrcaram,
1489 1678 1534 1729 ex
1566 1676 1605 1727 o·

139 1758 240 1835 suus.
292 1684 416 1851 Quod
435 1758 463 1835 fi
484 1785 568 1858 me,
608 1761 654 1837 ab
680 1762 798 1838 oculis
821 1775 1010 1839 caeterum
1031 1763 1246 1865 laborisque
1268 1760 1446 1862 patientia
1460 1754 1508 1831 fic
1537 1756 1607 1832 atis

139 1860 350 1953 valentem,
377 1861 533 1935 hum-ani
547 1861 640 1958 quid
654 1862 715 1934 hic
732 1862 947 1962 illictreapse
962 1862 1106 1961 passum
1121 1865 1336 1940 inuenerint
1358 1862 1430 1936 viri
1446 1855 1590 1935 cordati

142 1978 287 2052 aequos
303 1957 592 2055 mansuetusque
605 1958 746 2032 iudices
760 1958 796 2033 se
812 1960 904 2033 mihi
916 1958 1159 2058 praestituros
1181 1960 1358 2051 consid03
1384 1964 1423 2033 in
1454 1960 1554 2034 rimis
1578 1915 1607 2033 sr

138 2056 258 2151 iniis,
286 2080 383 2154 quae
399 2057 460 2132 hie
474 2056 613 2153 trado,
640 2058 936 2160 peruestigandis
954 2058 1268 2163 exponendisque
1291 2060 1343 2136 illi
1365 2063 1435 2162 ip1
1455 2050 1607 2133 desuda·

139 2169 250 2252 runt,
302 2156 441 2234 horum
471 2158 635 2261 proinde
667 2159 840 2235 laborum
877 2158 1083 2239 discrimina
1121 2175 1160 2240 et
1195 2186 1390 2239 aerumnas
1420 2160 1606 2262 temporis

144 2283 265 2358 aeque
288 2282 331 2337 ac
352 2260 553 2335 oculorum
573 2259 725 2336 suorum
744 2260 940 2364 impendio
963 2264 1087 2365 probe
1108 2264 1275 2341 noscunt.
1354 2262 1605 2340 Caeterorum

139 2359 311 2460 epicrises
328 2359 437 2437 cassas
454 2386 534 2436 non
551 2362 660 2447 valde
683 2387 795 2459 curo,
824 2364 922 2440 haec
940 2388 1024 2442 mea
1066 2367 1313 2464 ualiacunque
1334 2364 1433 2441 serae
1456 2364 1509 2438 illi
1530 2361 1606 2439 diei

139 2485 264 2559 aequo
297 2465 422 2539 animo
447 2466 708 2563 committens,
747 2490 844 2565 quae
867 2468 1012 2571 ingenii
1026 2392 1219 2573 ¹agmento
1238 2464 1412 2565 destruit,
1447 2476 1602 2551 naturae

139 2583 235 2639 vero
262 2561 396 2639 iudicia
418 2564 626 2643 confirmat.

141 2830 150 2849 ·
234 2728 366 2847 ¹Quod
387 2734 574 2833 reliquum
589 2734 659 2830 est,
686 2736 718 2844 sr-
736 2738 828 2818 haec
842 2764 925 2820 mea
946 2742 1068 2846 prima
1089 2744 1128 2821 in
1149 2744 1306 2824 alienam
1325 2732 1477 2822 messem
1497 2738 1603 2819 fulcis

138 2830 311 2908 unmrffio
327 2834 477 2934 publica
492 2839 534 2914 iis
557 2837 708 2917 arrisisse
732 2842 935 2943 rescirem,
963 2848 1100 2945 quibus
1116 2848 1265 2950 placere
1279 2872 1389 2925 curae
1410 2845 1503 2923 mihi
1518 2864 1600 2920 cor·

10 2996 20 3003 .
141 2928 257 3027 dique
278 2930 346 3029 est,
374 2934 546 3015 fasciculo
568 2939 805 3040 subsequenti
819 2947 1043 3051 Halophyra
1064 2961 1102 3025 et
1117 2949 1334 3049 Sphaerias,
1388 2962 1494 3025 entes
1510 2968 1600 3023 eno·

140 3028 293 3107 datione
308 3041 485 3150 curatiori
502 3039 740 3142 dignissimas,
767 3049 977 3126 recensebo.
1010 3051 1118 3127 Faxit
1132 3074 1226 3126 vero
1248 3051 1324 3128 DE
1379 3052 1404 3125 S
1427 3050 1475 3125 T.
1487 3044 1601 3127 O.M.

138 3142 182 3208 vt
211 3156 410 3213 conamina
435 3163 518 3217 mea
549 3144 590 3217 in
617 3146 729 3243 SVI,
768 3150 985 3231 mirabiliter
1005 3154 1136 3248 magni
1161 3154 1201 3223 in
1222 3152 1439 3225 mirabiliter
1459 3160 1600 3239 parma,

134 3232 298 3335 gloriam
320 3236 649 3321 laudationemone
672 3246 815 3303 vadant·
937 3246 941 3251 '

135 3520 223 3627 ipfis
245 3418 983 3604 IgicgillzeffipurfflhffiggfflZlERI,
1030 3430 1071 3508 in
1097 3428 1292 3509 Comitatu
1312 3432 1599 3542 Schwerinenfi,

626 3922 1090 3951 m
